
<record>
  <controlfield tag="001">1218459</controlfield>
  <datafield tag="245" ind1=" " ind2=" ">
    <subfield code="a">The ATLAS Level-1 Calorimeter Trigger: PreProcessor implementation and performance</subfield>
  </datafield>
  <datafield tag="024" ind1="7" ind2=" ">
    <subfield code="2">DOI</subfield>
    <subfield code="a">10.1088/1748-0221/7/12/P12008</subfield>
  </datafield>
  <datafield tag="035" ind1=" " ind2=" ">
    <subfield code="a">Asman:2012vla</subfield>
    <subfield code="9">INSPIRETeX</subfield>
  </datafield>
  <datafield tag="035" ind1=" " ind2=" ">
    <subfield code="9">DESY</subfield>
    <subfield code="z">DA13-04501</subfield>
  </datafield>
  <datafield tag="035" ind1=" " ind2=" ">
    <subfield code="9">CDS</subfield>
    <subfield code="a">1559741</subfield>
  </datafield>
</record>

</collection>